@misc{cryptosys,
  title = {Padding Schemes in Public Key Infrastructure (PKI)},
  howpublished = {\url{https://www.cryptosys.net/pki/manpki/pki_paddingschemes.html}},
  note = {[Online; accessed July 5, 2023]}
}
@misc{wiki-padding-oracle,
  title = {Padding Oracle Attack},
  howpublished = {\url{https://en.wikipedia.org/wiki/Padding_oracle_attack}},
  note = {[Online; accessed July 5, 2023]}
}
@misc{wiki-cbc,
  title = "Block cipher mode of operation --- {Wikipedia}{,} The Free Encyclopedia",
  howpublished = "\url{https://en.wikipedia.org/wiki/Block_cipher_mode_of_operation}",
  note = "[Online; accessed 5-July-2023]"
}

